% This file was created with JabRef 2.4.2.
% Encoding: ISO8859_1

@INPROCEEDINGS{1000FutureNetworks,
  author = {Lars V\"olker and Denis Martin and Ibtissam {El Khayat} and Christoph
	Werle and Martina Zitterbart},
  title = {{A Node Architecture for 1000 Future Networks}},
  booktitle = {{Proceedings of the International Workshop on the Network of the
	Future 2009}},
  year = {2009},
  address = {{Dresden, Germany}},
  month = Jun,
  organization = {{IEEE}},
  __markedentry = {[voelker]},
  owner = {voelker},
  timestamp = {2009.01.30}
}

@INPROCEEDINGS{ICC2009,
  author = {Lars V\"olker and Denis Martin and Christoph Werle and Martina Zitterbart
	and Ibtissam {El Khayat}},
  title = {{Selecting Concurrent Network Architectures at Runtime}},
  booktitle = {{Proceedings of the IEEE International Conference on Communications
	(ICC)}},
  year = {2009},
  address = {Dresden, Deutschland},
  month = Jun,
  organization = {{IEEE Computer Society}},
  __markedentry = {[voelker]},
  owner = {voelker},
  timestamp = {2009.01.07}
}

@comment{jabref-meta: selector_publisher:}

@comment{jabref-meta: selector_author:}

@comment{jabref-meta: selector_journal:}

@comment{jabref-meta: selector_keywords:}

